@Article{Kreisel,
author = {Georg Kreisel},
title = {Kurt Gödel},
journal = {Biographical Memoirs of Fellows of the Royal Society},
year = {1980},
pages = {148--224},
number = 26
}


@misc{st-andr,
title = {Kurt Gödel},
note = {Accessed: 2019-12-2},
howpublishedl = {\url{http://mathshistory.st-andrews.ac.uk/Biographies/Godel.html}}
}


@misc{ias,
title = {Kurt Gödel: Life, Work, and Legacy},
note = {Accessed: 2019-12-27},
howpublished = {\url{https://www.ias.edu/kurt-g%C3%B6del-life-work-and-legacy}}
}

@misc{stanford,
title = {Kurt Gödel},
note = {Accessed: 2019-12-27},
howpublished = {\url{https://plato.stanford.edu/entries/goedel/}}
}